@misc{C-ORAM,
    author = {Tarik Moataz and Travis Mayberry and Erik-Oliver Blass},
    title = {Constant Communication ORAM with Small Blocksize},
    howpublished = {Cryptology ePrint Archive, Report 2015/570},
    year = {2015},
}

@misc{OnionORAM,
    author = {Srinivas Devadas and Marten van Dijk and Christopher W. Fletcher and Ling Ren and Elaine Shi and Daniel Wichs },
    title = {Onion ORAM: A Constant Bandwidth Blowup Oblivious RAM},
    howpublished = {Cryptology ePrint Archive, Report 2015/005},
    year = {2015},
}
